@Manual{abind,
  title = {abind: Combine Multidimensional Arrays},
  author = {Tony Plate and Richard Heiberger},
  year = {2016},
  note = {R package version 1.4-5},
  url = {https://CRAN.R-project.org/package=abind},
}
@Manual{acepack,
  title = {acepack: ACE and AVAS for Selecting Multiple Regression Transformations},
  author = {Phil Spector and Jerome Friedman and Robert Tibshirani and Thomas Lumley and Shawn Garbett and Jonathan Baron},
  year = {2016},
  note = {R package version 1.4.1},
  url = {https://CRAN.R-project.org/package=acepack},
}
@Article{actuar,
  title = {actuar: An R Package for Actuarial Science},
  author = {Christophe Dutang and Vincent Goulet and Mathieu Pigeon},
  journal = {Journal of Statistical Software},
  year = {2008},
  volume = {25},
  number = {7},
  pages = {38},
  url = {http://www.jstatsoft.org/v25/i07},
}

@Manual{assertthat,
  title = {assertthat: Easy Pre and Post Assertions},
  author = {Hadley Wickham},
  year = {2017},
  note = {R package version 0.2.0},
  url = {https://CRAN.R-project.org/package=assertthat},
}
@Manual{backports,
  title = {backports: Reimplementations of Functions Introduced Since R-3.0.0},
  author = {Michel Lang},
  year = {2017},
  note = {R package version 1.1.2},
  url = {https://CRAN.R-project.org/package=backports},
}
@Manual{base,
  title = {R: A Language and Environment for Statistical Computing},
  author = {{R Core Team}},
  organization = {R Foundation for Statistical Computing},
  address = {Vienna, Austria},
  year = {2018},
  url = {https://www.R-project.org/},
}
@Manual{base64enc,
  title = {base64enc: Tools for base64 encoding},
  author = {Simon Urbanek},
  year = {2015},
  note = {R package version 0.1-3},
  url = {https://CRAN.R-project.org/package=base64enc},
}
@Manual{bbmle,
  title = {bbmle: Tools for General Maximum Likelihood Estimation},
  author = {Ben Bolker and R Development Core Team},
  year = {2017},
  note = {R package version 1.0.20},
  url = {https://CRAN.R-project.org/package=bbmle},
}
@Manual{BH,
  title = {BH: Boost C++ Header Files},
  author = {Dirk Eddelbuettel and John W. Emerson and Michael J. Kane},
  year = {2018},
  note = {R package version 1.66.0-1},
  url = {https://CRAN.R-project.org/package=BH},
}
@Manual{binom,
  title = {binom: Binomial Confidence Intervals For Several Parameterizations},
  author = {Sundar Dorai-Raj},
  year = {2014},
  note = {R package version 1.1-1},
  url = {https://CRAN.R-project.org/package=binom},
}
@Manual{boot,
  title = {boot: Bootstrap R (S-Plus) Functions},
  author = {Angelo Canty and B. D. Ripley},
  year = {2017},
  note = {R package version 1.3-20},
}

@Book{boot2,
  title = {Bootstrap Methods and Their Applications},
  author = {A. C. Davison and D. V. Hinkley},
  publisher = {Cambridge University Press},
  address = {Cambridge},
  year = {1997},
  note = {ISBN 0-521-57391-2},
  url = {http://statwww.epfl.ch/davison/BMA/},
}
@Book{car,
  title = {An {R} Companion to Applied Regression},
  edition = {Second},
  author = {John Fox and Sanford Weisberg},
  year = {2011},
  publisher = {Sage},
  address = {Thousand Oaks {CA}},
  url = {http://socserv.socsci.mcmaster.ca/jfox/Books/Companion},
}
@Manual{carData,
  title = {carData: Companion to Applied Regression Data Sets},
  author = {John Fox and Sanford Weisberg and Brad Price},
  year = {2018},
  note = {R package version 3.0-1},
  url = {https://CRAN.R-project.org/package=carData},
}
@Manual{cellranger,
  title = {cellranger: Translate Spreadsheet Cell Ranges to Rows and Columns},
  author = {Jennifer Bryan},
  year = {2016},
  note = {R package version 1.1.0},
  url = {https://CRAN.R-project.org/package=cellranger},
}
@Article{checkmate,
  title = {{checkmate}: Fast Argument Checks for Defensive R Programming},
  author = {Michel Lang},
  journal = {The R Journal},
  year = {2017},
  url = {https://journal.r-project.org/archive/2017/RJ-2017-028/index.html},
  pages = {437--445},
  volume = {9},
  number = {1},
}
@Book{class,
  title = {Modern Applied Statistics with S},
  author = {W. N. Venables and B. D. Ripley},
  publisher = {Springer},
  edition = {Fourth},
  address = {New York},
  year = {2002},
  note = {ISBN 0-387-95457-0},
  url = {http://www.stats.ox.ac.uk/pub/MASS4},
}
@Manual{cli,
  title = {cli: Helpers for Developing Command Line Interfaces},
  author = {G치bor Cs치rdi},
  year = {2017},
  note = {R package version 1.0.0},
  url = {https://CRAN.R-project.org/package=cli},
}
@Manual{cluster,
  title = {cluster: Cluster Analysis Basics and Extensions},
  author = {Martin Maechler and Peter Rousseeuw and Anja Struyf and Mia Hubert and Kurt Hornik},
  year = {2018},
  note = {R package version 2.0.7-1 --- For new features, see the 'Changelog' file (in the package source)},
}
@Article{coda,
  title = {CODA: Convergence Diagnosis and Output Analysis for MCMC},
  author = {Martyn Plummer and Nicky Best and Kate Cowles and Karen Vines},
  journal = {R News},
  year = {2006},
  volume = {6},
  number = {1},
  pages = {7--11},
  url = {https://journal.r-project.org/archive/},
  pdf = {https://www.r-project.org/doc/Rnews/Rnews_2006-1.pdf},
}
@Manual{codetools,
  title = {codetools: Code Analysis Tools for R},
  author = {Luke Tierney},
  year = {2016},
  note = {R package version 0.2-15},
  url = {https://CRAN.R-project.org/package=codetools},
}
@Article{coin,
  title = {A Lego System for Conditional Inference},
  author = {Torsten Hothorn and Kurt Hornik and Mark A. {van de Wiel} and Achim Zeileis},
  journal = {The American Statistician},
  year = {2006},
  volume = {60},
  number = {3},
  pages = {257--263},
}

@Article{coin2,
  title = {Implementing a Class of Permutation Tests: The {coin} Package},
  author = {Torsten Hothorn and Kurt Hornik and Mark A. {van de Wiel} and Achim Zeileis},
  journal = {Journal of Statistical Software},
  year = {2008},
  volume = {28},
  number = {8},
  pages = {1--23},
  url = {http://www.jstatsoft.org/v28/i08/},
}
@Manual{colorspace,
  title = {colorspace: Color Space Manipulation},
  author = {Ross Ihaka and Paul Murrell and Kurt Hornik and Jason C. Fisher and Achim Zeileis},
  year = {2016},
  note = {R package version 1.3-2},
  url = {https://CRAN.R-project.org/package=colorspace},
}

@Article{colorspace2,
  title = {Escaping {RGB}land: Selecting Colors for Statistical Graphics},
  author = {Achim Zeileis and Kurt Hornik and Paul Murrell},
  journal = {Computational Statistics \& Data Analysis},
  year = {2009},
  volume = {53},
  number = {9},
  pages = {3259--3270},
  doi = {10.1016/j.csda.2008.11.033},
}

@Article{colorspace3,
  title = {Somewhere over the Rainbow: How to Make Effective Use of Colors in Meteorological Visualizations},
  author = {Reto Stauffer and Georg J. Mayr and Markus Dabernig and Achim Zeileis},
  journal = {Bulletin of the American Meteorological Society},
  year = {2009},
  volume = {96},
  number = {2},
  pages = {203--216},
  doi = {10.1175/BAMS-D-13-00155.1},
}
@Manual{combinat,
  title = {combinat: combinatorics utilities},
  author = {Scott Chasalow},
  year = {2012},
  note = {R package version 0.0-8},
  url = {https://CRAN.R-project.org/package=combinat},
}
@Manual{compiler,
  title = {R: A Language and Environment for Statistical Computing},
  author = {{R Core Team}},
  organization = {R Foundation for Statistical Computing},
  address = {Vienna, Austria},
  year = {2018},
  url = {https://www.R-project.org/},
}
@Manual{crayon,
  title = {crayon: Colored Terminal Output},
  author = {G치bor Cs치rdi},
  year = {2017},
  note = {R package version 1.3.4},
  url = {https://CRAN.R-project.org/package=crayon},
}
@Manual{curl,
  title = {curl: A Modern and Flexible Web Client for R},
  author = {Jeroen Ooms},
  year = {2018},
  note = {R package version 3.2},
  url = {https://CRAN.R-project.org/package=curl},
}
@Manual{data.table,
  title = {data.table: Extension of `data.frame`},
  author = {Matt Dowle and Arun Srinivasan},
  year = {2018},
  note = {R package version 1.11.4},
  url = {https://CRAN.R-project.org/package=data.table},
}
@Manual{datasets,
  title = {R: A Language and Environment for Statistical Computing},
  author = {{R Core Team}},
  organization = {R Foundation for Statistical Computing},
  address = {Vienna, Austria},
  year = {2018},
  url = {https://www.R-project.org/},
}
@Manual{diagram,
  title = {diagram: Functions for Visualising Simple Graphs (Networks), Plotting
Flow Diagrams},
  author = {Karline Soetaert},
  year = {2017},
  note = {R package version 1.6.4},
  url = {https://CRAN.R-project.org/package=diagram},
}
@Manual{digest,
  title = {digest: Create Compact Hash Digests of R Objects},
  author = {Dirk Eddelbuettel with contributions by Antoine Lucas and Jarek Tuszynski and Henrik Bengtsson and Simon Urbanek and Mario Frasca and Bryan Lewis and Murray Stokely and Hannes Muehleisen and Duncan Murdoch and Jim Hester and Wush Wu and Qiang Kou and Thierry Onkelinx and Michel Lang and Viliam Simko and Kurt Hornik.},
  year = {2018},
  note = {R package version 0.6.16},
  url = {https://CRAN.R-project.org/package=digest},
}

@Article{distr,
  title = {S4 Classes for Distributions},
  author = {P. Ruckdeschel and M. Kohl and T. Stabla and F. Camphausen},
  language = {English},
  year = {2006},
  journal = {R News},
  year = {2006},
  volume = {6},
  number = {2},
  pages = {2--6},
  month = {5},
  pdf = {https://CRAN.R-project.org/doc/Rnews/Rnews_2006-2.pdf},
}

@Article{distr2,
  title = {General Purpose Convolution Algorithm in {S}4 Classes by Means of FFT},
  author = {Peter Ruckdeschel and Matthias Kohl},
  journal = {Journal of Statistical Software},
  year = {2014},
  volume = {59},
  number = {4},
  pages = {1--25},
  url = {http://www.jstatsoft.org/v59/i04/},
}
@Article{distrEx,
  title = {S4 Classes for Distributions},
  author = {P. Ruckdeschel and M. Kohl and T. Stabla and F. Camphausen},
  language = {English},
  year = {2006},
  journal = {R News},
  year = {2006},
  volume = {6},
  number = {2},
  pages = {2--6},
  month = {5},
  pdf = {https://CRAN.R-project.org/doc/Rnews/Rnews_2006-2.pdf},
}
@Manual{e1071,
  title = {e1071: Misc Functions of the Department of Statistics, Probability
Theory Group (Formerly: E1071), TU Wien},
  author = {David Meyer and Evgenia Dimitriadou and Kurt Hornik and Andreas Weingessel and Friedrich Leisch},
  year = {2018},
  note = {R package version 1.7-0},
  url = {https://CRAN.R-project.org/package=e1071},
}
@Article{effects,
  title = {Effect Displays in {R} for Generalised Linear Models},
  author = {John Fox},
  journal = {Journal of Statistical Software},
  year = {2003},
  volume = {8},
  number = {15},
  pages = {1--27},
  url = {http://www.jstatsoft.org/v08/i15/},
}

@Article{effects2,
  title = {Effect Displays in {R} for Multinomial and Proportional-Odds Logit Models: Extensions to the {effects} Package},
  author = {John Fox and Jangman Hong},
  journal = {Journal of Statistical Software},
  year = {2009},
  volume = {32},
  number = {1},
  pages = {1--24},
  url = {http://www.jstatsoft.org/v32/i01/},
}
@Manual{emdbook,
  title = {emdbook: Ecological Models and Data in {R}},
  author = {Ben Bolker},
  year = {2018},
  note = {R package version 1.3.10},
}

@Book{emdbook2,
  title = {Ecological Models and Data in R},
  author = {Benjamin M. Bolker},
  year = {2008},
  publisher = {Princeton University Press},
}
@Manual{estimability,
  title = {estimability: Tools for Assessing Estimability of Linear Predictions},
  author = {Russell Lenth},
  year = {2018},
  note = {R package version 1.3},
  url = {https://CRAN.R-project.org/package=estimability},
}
@Manual{evaluate,
  title = {evaluate: Parsing and Evaluation Tools that Provide More Details than the
Default},
  author = {Hadley Wickham and Yihui Xie},
  year = {2018},
  note = {R package version 0.11},
  url = {https://CRAN.R-project.org/package=evaluate},
}
@Manual{expint,
  title = {expint: Exponential Integral and Incomplete Gamma Function},
  author = {Vincent Goulet},
  year = {2016},
  note = {R package},
  url = {https://cran.r-project.org/package=expint},
}
@Manual{fansi,
  title = {fansi: ANSI Control Sequence Aware String Functions},
  author = {Brodie Gaslam},
  year = {2018},
  note = {R package version 0.3.0},
  url = {https://CRAN.R-project.org/package=fansi},
}
@Manual{fAsianOptions,
  title = {fAsianOptions: Rmetrics - EBM and Asian Option Valuation},
  author = {Diethelm Wuertz and Tobias Setz},
  year = {2017},
  note = {R package version 3042.82},
  url = {https://CRAN.R-project.org/package=fAsianOptions},
}
@Manual{fBasics,
  title = {fBasics: Rmetrics - Markets and Basic Statistics},
  author = {Diethelm Wuertz and Tobias Setz and Yohan Chalabi},
  year = {2017},
  note = {R package version 3042.89},
  url = {https://CRAN.R-project.org/package=fBasics},
}
@Manual{fOptions,
  title = {fOptions: Rmetrics - Pricing and Evaluating Basic Options},
  author = {Diethelm Wuertz and Tobias Setz and Yohan Chalabi},
  year = {2017},
  note = {R package version 3042.86},
  url = {https://CRAN.R-project.org/package=fOptions},
}
@Manual{forcats,
  title = {forcats: Tools for Working with Categorical Variables (Factors)},
  author = {Hadley Wickham},
  year = {2018},
  note = {R package version 0.3.0},
  url = {https://CRAN.R-project.org/package=forcats},
}
@Manual{foreign,
  title = {foreign: Read Data Stored by 'Minitab', 'S', 'SAS', 'SPSS', 'Stata',
'Systat', 'Weka', 'dBase', ...},
  author = {{R Core Team}},
  year = {2017},
  note = {R package version 0.8-70},
  url = {https://CRAN.R-project.org/package=foreign},
}
@Article{Formula,
  title = {Extended Model Formulas in {R}: Multiple Parts and Multiple Responses},
  author = {Achim Zeileis and Yves Croissant},
  journal = {Journal of Statistical Software},
  year = {2010},
  volume = {34},
  number = {1},
  pages = {1--13},
  doi = {10.18637/jss.v034.i01},
}
@Book{ggplot2,
  author = {Hadley Wickham},
  title = {ggplot2: Elegant Graphics for Data Analysis},
  publisher = {Springer-Verlag New York},
  year = {2016},
  isbn = {978-3-319-24277-4},
  url = {http://ggplot2.org},
}
@Manual{glue,
  title = {glue: Interpreted String Literals},
  author = {Jim Hester},
  year = {2018},
  note = {R package version 1.3.0},
  url = {https://CRAN.R-project.org/package=glue},
}
@Manual{gmp,
  title = {gmp: Multiple Precision Arithmetic},
  author = {Antoine Lucas and Immanuel Scholz and Rainer Boehme and Sylvain Jasson and Martin Maechler},
  year = {2018},
  note = {R package version 0.5-13.2},
  url = {https://CRAN.R-project.org/package=gmp},
}
@Manual{graphics,
  title = {R: A Language and Environment for Statistical Computing},
  author = {{R Core Team}},
  organization = {R Foundation for Statistical Computing},
  address = {Vienna, Austria},
  year = {2018},
  url = {https://www.R-project.org/},
}
@Manual{grDevices,
  title = {R: A Language and Environment for Statistical Computing},
  author = {{R Core Team}},
  organization = {R Foundation for Statistical Computing},
  address = {Vienna, Austria},
  year = {2018},
  url = {https://www.R-project.org/},
}
@Manual{grid,
  title = {R: A Language and Environment for Statistical Computing},
  author = {{R Core Team}},
  organization = {R Foundation for Statistical Computing},
  address = {Vienna, Austria},
  year = {2018},
  url = {https://www.R-project.org/},
}
@Manual{gridExtra,
  title = {gridExtra: Miscellaneous Functions for "Grid" Graphics},
  author = {Baptiste Auguie},
  year = {2017},
  note = {R package version 2.3},
  url = {https://CRAN.R-project.org/package=gridExtra},
}
@Article{gss,
  title = {Smoothing Spline ANOVA Models: {R} Package {gss}},
  author = {Chong Gu},
  journal = {Journal of Statistical Software},
  year = {2014},
  volume = {58},
  number = {5},
  pages = {1--25},
  url = {http://www.jstatsoft.org/v58/i05/},
}
@Manual{gtable,
  title = {gtable: Arrange 'Grobs' in Tables},
  author = {Hadley Wickham},
  year = {2016},
  note = {R package version 0.2.0},
  url = {https://CRAN.R-project.org/package=gtable},
}
@Manual{haven,
  title = {haven: Import and Export 'SPSS', 'Stata' and 'SAS' Files},
  author = {Hadley Wickham and Evan Miller},
  year = {2018},
  note = {R package version 1.1.2},
  url = {https://CRAN.R-project.org/package=haven},
}
@Manual{HH,
  title = {HH: Statistical Analysis and Data Display: Heiberger and Holland.},
  author = {Richard M. Heiberger},
  year = {2018},
  note = {R package version 3.1-35},
  url = {https://CRAN.R-project.org/package=HH},
}

@Book{HH2,
  title = {Statistical Analysis and Data Display:
               An Intermediate Course with Examples in {R}},
  author = {Richard M. Heiberger and Burt Holland},
  year = {2015},
  publisher = {Springer-Verlag, New York},
  edition = {Second},
  url = {http://www.springer.com/us/book/9781493921218},
}

@Book{HH3,
  title = {Statistical Analysis and Data Display:
               An Intermediate Course with Examples in {S-Plus}, {R}, and {SAS}},
  author = {Richard M. Heiberger and Burt Holland},
  year = {2004},
  publisher = {Springer-Verlag, New York},
  edition = {First},
  url = {http://www.springer.com/us/book/9781441923202},
}

@Article{HH4,
  title = {Design of Diverging Stacked Bar Charts for Likert Scales and Other Applications},
  author = {Richard M. Heiberger and Naomi B. Robbins},
  journal = {Journal of Statistical Software},
  year = {2014},
  volume = {57},
  number = {5},
  pages = {1--32},
  url = {http://www.jstatsoft.org/v57/i05/},
}
@Manual{highr,
  title = {highr: Syntax Highlighting for R Source Code},
  author = {Yixuan Qiu and Yihui Xie},
  year = {2018},
  note = {R package version 0.7},
  url = {https://CRAN.R-project.org/package=highr},
}
@Manual{Hmisc,
  title = {Hmisc: Harrell Miscellaneous},
  author = {Frank E {Harrell Jr} and with contributions from Charles Dupont and many others.},
  year = {2018},
  note = {R package version 4.1-1},
  url = {https://CRAN.R-project.org/package=Hmisc},
}
@Manual{hms,
  title = {hms: Pretty Time of Day},
  author = {Kirill M칲ller},
  year = {2018},
  note = {R package version 0.4.2},
  url = {https://CRAN.R-project.org/package=hms},
}
@Manual{htmlTable,
  title = {htmlTable: Advanced Tables for Markdown/HTML},
  author = {Max Gordon and Stephen Gragg and Peter Konings},
  year = {2018},
  note = {R package version 1.12},
  url = {https://CRAN.R-project.org/package=htmlTable},
}
@Manual{htmltools,
  title = {htmltools: Tools for HTML},
  author = {{RStudio} and {Inc.}},
  year = {2017},
  note = {R package version 0.3.6},
  url = {https://CRAN.R-project.org/package=htmltools},
}
@Manual{htmlwidgets,
  title = {htmlwidgets: HTML Widgets for R},
  author = {Ramnath Vaidyanathan and Yihui Xie and JJ Allaire and Joe Cheng and Kenton Russell},
  year = {2018},
  note = {R package version 1.2},
  url = {https://CRAN.R-project.org/package=htmlwidgets},
}
@Manual{httpuv,
  title = {httpuv: HTTP and WebSocket Server Library},
  author = {Joe Cheng and Hector Corrada Bravo and Jeroen Ooms and Winston Chang},
  year = {2018},
  note = {R package version 1.4.5},
  url = {https://CRAN.R-project.org/package=httpuv},
}
@Manual{IPSUR,
  title = {IPSUR: Introduction to Probability and Statistics Using R},
  author = {G. Jay Kerns},
  year = {2018},
  note = {R package version 3.0},
  url = {https://CRAN.R-project.org/package=IPSUR},
}
@Article{jsonlite,
  title = {The jsonlite Package: A Practical and Consistent Mapping Between JSON Data and R Objects},
  author = {Jeroen Ooms},
  journal = {arXiv:1403.2805 [stat.CO]},
  year = {2014},
  url = {https://arxiv.org/abs/1403.2805},
}
@Manual{KernSmooth,
  title = {KernSmooth: Functions for Kernel Smoothing Supporting Wand \& Jones (1995)},
  author = {Matt Wand},
  year = {2015},
  note = {R package version 2.23-15},
  url = {https://CRAN.R-project.org/package=KernSmooth},
}
@Manual{knitr,
  title = {knitr: A General-Purpose Package for Dynamic Report Generation in R},
  author = {Yihui Xie},
  year = {2018},
  note = {R package version 1.20},
  url = {https://yihui.name/knitr/},
}

@Book{knitr2,
  title = {Dynamic Documents with {R} and knitr},
  author = {Yihui Xie},
  publisher = {Chapman and Hall/CRC},
  address = {Boca Raton, Florida},
  year = {2015},
  edition = {2nd},
  note = {ISBN 978-1498716963},
  url = {https://yihui.name/knitr/},
}

@InCollection{knitr3,
  booktitle = {Implementing Reproducible Computational Research},
  editor = {Victoria Stodden and Friedrich Leisch and Roger D. Peng},
  title = {knitr: A Comprehensive Tool for Reproducible Research in {R}},
  author = {Yihui Xie},
  publisher = {Chapman and Hall/CRC},
  year = {2014},
  note = {ISBN 978-1466561595},
  url = {http://www.crcpress.com/product/isbn/9781466561595},
}
@Manual{labeling,
  title = {labeling: Axis Labeling},
  author = {Justin Talbot},
  year = {2014},
  note = {R package version 0.3},
  url = {https://CRAN.R-project.org/package=labeling},
}
@Manual{later,
  title = {later: Utilities for Delaying Function Execution},
  author = {Joe Cheng},
  year = {2018},
  note = {R package version 0.7.4},
  url = {https://CRAN.R-project.org/package=later},
}
@Book{lattice,
  title = {Lattice: Multivariate Data Visualization with R},
  author = {Deepayan Sarkar},
  publisher = {Springer},
  address = {New York},
  year = {2008},
  note = {ISBN 978-0-387-75968-5},
  url = {http://lmdvr.r-forge.r-project.org},
}
@Manual{latticeExtra,
  title = {latticeExtra: Extra Graphical Utilities Based on Lattice},
  author = {Deepayan Sarkar and Felix Andrews},
  year = {2016},
  note = {R package version 0.6-28},
  url = {https://CRAN.R-project.org/package=latticeExtra},
}
@Manual{lazyeval,
  title = {lazyeval: Lazy (Non-Standard) Evaluation},
  author = {Hadley Wickham},
  year = {2017},
  note = {R package version 0.2.1},
  url = {https://CRAN.R-project.org/package=lazyeval},
}
@Manual{leaps,
  title = {leaps: Regression Subset Selection},
  author = {Thomas Lumley based on Fortran code by Alan Miller},
  year = {2017},
  note = {R package version 3.0},
  url = {https://CRAN.R-project.org/package=leaps},
}
@Article{lme4,
  title = {Fitting Linear Mixed-Effects Models Using {lme4}},
  author = {Douglas Bates and Martin M{\"a}chler and Ben Bolker and Steve Walker},
  journal = {Journal of Statistical Software},
  year = {2015},
  volume = {67},
  number = {1},
  pages = {1--48},
  doi = {10.18637/jss.v067.i01},
}
@Article{lmtest,
  title = {Diagnostic Checking in Regression Relationships},
  author = {Achim Zeileis and Torsten Hothorn},
  journal = {R News},
  year = {2002},
  volume = {2},
  number = {3},
  pages = {7--10},
  url = {https://CRAN.R-project.org/doc/Rnews/},
}
@Manual{magrittr,
  title = {magrittr: A Forward-Pipe Operator for R},
  author = {Stefan Milton Bache and Hadley Wickham},
  year = {2014},
  note = {R package version 1.5},
  url = {https://CRAN.R-project.org/package=magrittr},
}
@Manual{maptools,
  title = {maptools: Tools for Reading and Handling Spatial Objects},
  author = {Roger Bivand and Nicholas Lewin-Koh},
  year = {2018},
  note = {R package version 0.9-3},
  url = {https://CRAN.R-project.org/package=maptools},
}
@Manual{markdown,
  title = {markdown: 'Markdown' Rendering for R},
  author = {JJ Allaire and Jeffrey Horner and Vicent Marti and Natacha Porte},
  year = {2017},
  note = {R package version 0.8},
  url = {https://CRAN.R-project.org/package=markdown},
}
@Book{MASS,
  title = {Modern Applied Statistics with S},
  author = {W. N. Venables and B. D. Ripley},
  publisher = {Springer},
  edition = {Fourth},
  address = {New York},
  year = {2002},
  note = {ISBN 0-387-95457-0},
  url = {http://www.stats.ox.ac.uk/pub/MASS4},
}
@Manual{Matrix,
  title = {Matrix: Sparse and Dense Matrix Classes and Methods},
  author = {Douglas Bates and Martin Maechler},
  year = {2018},
  note = {R package version 1.2-14},
  url = {https://CRAN.R-project.org/package=Matrix},
}
@Manual{MatrixModels,
  title = {MatrixModels: Modelling with Sparse And Dense Matrices},
  author = {Douglas Bates and Martin Maechler},
  year = {2015},
  note = {R package version 0.4-1},
  url = {https://CRAN.R-project.org/package=MatrixModels},
}
@Manual{methods,
  title = {R: A Language and Environment for Statistical Computing},
  author = {{R Core Team}},
  organization = {R Foundation for Statistical Computing},
  address = {Vienna, Austria},
  year = {2018},
  url = {https://www.R-project.org/},
}
@Article{mgcv,
  title = {Fast stable restricted maximum likelihood and marginal 
likelihood estimation of semiparametric generalized linear models},
  journal = {Journal of the Royal Statistical Society (B)},
  volume = {73},
  number = {1},
  pages = {3-36},
  year = {2011},
  author = {S. N. Wood},
}

@Article{mgcv2,
  title = {Smoothing parameter and model selection for general smooth models (with discussion)},
  author = {S.N. Wood and {N.} and {Pya} and B. S{"a}fken},
  journal = {Journal of the American Statistical Association},
  year = {2016},
  pages = {1548-1575},
  volume = {111},
}

@Article{mgcv3,
  title = {Stable and efficient multiple smoothing parameter estimation for 
         generalized additive models},
  journal = {Journal of the American Statistical Association},
  volume = {99},
  number = {467},
  pages = {673-686},
  year = {2004},
  author = {S. N. Wood},
}

@Book{mgcv4,
  title = {Generalized Additive Models: An Introduction with R},
  year = {2017},
  author = {S.N Wood},
  edition = {2},
  publisher = {Chapman and Hall/CRC},
}

@Article{mgcv5,
  title = {Thin-plate regression splines},
  journal = {Journal of the Royal Statistical Society (B)},
  volume = {65},
  number = {1},
  pages = {95-114},
  year = {2003},
  author = {S. N. Wood},
}
@Manual{mime,
  title = {mime: Map Filenames to MIME Types},
  author = {Yihui Xie},
  year = {2016},
  note = {R package version 0.5},
  url = {https://CRAN.R-project.org/package=mime},
}
@Manual{minqa,
  title = {minqa: Derivative-free optimization algorithms by quadratic
approximation},
  author = {Douglas Bates and Katharine M. Mullen and John C. Nash and Ravi Varadhan},
  year = {2014},
  note = {R package version 1.2.4},
  url = {https://CRAN.R-project.org/package=minqa},
}
@Manual{modeltools,
  title = {modeltools: Tools and Classes for Statistical Models},
  author = {Torsten Hothorn and Friedrich Leisch and Achim Zeileis},
  year = {2018},
  note = {R package version 0.2-22},
  url = {https://CRAN.R-project.org/package=modeltools},
}
@Article{multcomp,
  title = {Simultaneous Inference in General Parametric Models},
  author = {Torsten Hothorn and Frank Bretz and Peter Westfall},
  journal = {Biometrical Journal},
  year = {2008},
  volume = {50},
  number = {3},
  pages = {346--363},
}
@Manual{munsell,
  title = {munsell: Utilities for Using Munsell Colours},
  author = {Charlotte Wickham},
  year = {2018},
  note = {R package version 0.5.0},
  url = {https://CRAN.R-project.org/package=munsell},
}
@Manual{mvtnorm,
  title = {{mvtnorm}: Multivariate Normal and t Distributions},
  author = {Alan Genz and Frank Bretz and Tetsuhisa Miwa and Xuefei Mi and Friedrich Leisch and Fabian Scheipl and Torsten Hothorn},
  year = {2018},
  note = {R package version 1.0-8},
  url = {https://CRAN.R-project.org/package=mvtnorm},
}

@Book{mvtnorm2,
  title = {Computation of Multivariate Normal and t Probabilities},
  author = {Alan Genz and Frank Bretz},
  series = {Lecture Notes in Statistics},
  year = {2009},
  publisher = {Springer-Verlag},
  address = {Heidelberg},
  isbn = {978-3-642-01688-2},
}
@Manual{nlme,
  title = {{nlme}: Linear and Nonlinear Mixed Effects Models},
  author = {Jose Pinheiro and Douglas Bates and Saikat DebRoy and Deepayan Sarkar and {R Core Team}},
  year = {2018},
  note = {R package version 3.1-137},
  url = {https://CRAN.R-project.org/package=nlme},
}
@Article{nloptr,
  title = {The NLopt nonlinear-optimization package},
  author = {Steven G. Johnson},
  year = {?},
  journal = {?},
  volume = {?},
  number = {?},
  pages = {?},
}
@Book{nnet,
  title = {Modern Applied Statistics with S},
  author = {W. N. Venables and B. D. Ripley},
  publisher = {Springer},
  edition = {Fourth},
  address = {New York},
  year = {2002},
  note = {ISBN 0-387-95457-0},
  url = {http://www.stats.ox.ac.uk/pub/MASS4},
}
@Manual{nortest,
  title = {nortest: Tests for Normality},
  author = {Juergen Gross and Uwe Ligges},
  year = {2015},
  note = {R package version 1.0-4},
  url = {https://CRAN.R-project.org/package=nortest},
}
@Manual{numDeriv,
  title = {numDeriv: Accurate Numerical Derivatives},
  author = {Paul Gilbert and Ravi Varadhan},
  year = {2016},
  note = {R package version 2016.8-1},
  url = {https://CRAN.R-project.org/package=numDeriv},
}
@Manual{openxlsx,
  title = {openxlsx: Read, Write and Edit XLSX Files},
  author = {Alexander Walker},
  year = {2018},
  note = {R package version 4.1.0},
  url = {https://CRAN.R-project.org/package=openxlsx},
}
@Manual{parallel,
  title = {R: A Language and Environment for Statistical Computing},
  author = {{R Core Team}},
  organization = {R Foundation for Statistical Computing},
  address = {Vienna, Austria},
  year = {2018},
  url = {https://www.R-project.org/},
}
@Article{pbkrtest,
  title = {A Kenward-Roger Approximation and Parametric Bootstrap Methods for Tests in Linear Mixed Models -- The {R} Package {pbkrtest}},
  author = {Ulrich Halekoh and S{\o}ren H{\o}jsgaard},
  journal = {Journal of Statistical Software},
  year = {2014},
  volume = {59},
  number = {9},
  pages = {1--30},
  url = {http://www.jstatsoft.org/v59/i09/},
}
@Manual{pillar,
  title = {pillar: Coloured Formatting for Columns},
  author = {Kirill M칲ller and Hadley Wickham},
  year = {2018},
  note = {R package version 1.3.0},
  url = {https://CRAN.R-project.org/package=pillar},
}
@Manual{pkgconfig,
  title = {pkgconfig: Private Configuration for 'R' Packages},
  author = {G치bor Cs치rdi},
  year = {2018},
  note = {R package version 2.0.2},
  url = {https://CRAN.R-project.org/package=pkgconfig},
}
@Article{plyr,
  title = {The Split-Apply-Combine Strategy for Data Analysis},
  author = {Hadley Wickham},
  journal = {Journal of Statistical Software},
  year = {2011},
  volume = {40},
  number = {1},
  pages = {1--29},
  url = {http://www.jstatsoft.org/v40/i01/},
}
@Manual{prob,
  title = {prob: Elementary Probability on Finite Sample Spaces},
  author = {G. Jay Kerns},
  year = {2018},
  note = {R package version 1.0-1},
  url = {https://CRAN.R-project.org/package=prob},
}
@Manual{promises,
  title = {promises: Abstractions for Promise-Based Asynchronous Programming},
  author = {Joe Cheng},
  year = {2018},
  note = {R package version 1.0.1},
  url = {https://CRAN.R-project.org/package=promises},
}
@Article{qcc,
  title = {qcc: an R package for quality control charting and statistical process control},
  author = {Luca Scrucca},
  journal = {R News},
  year = {2004},
  pages = {11--17},
  volume = {4/1},
  url = {https://cran.r-project.org/doc/Rnews/},
}
@Manual{quantreg,
  title = {quantreg: Quantile Regression},
  author = {Roger Koenker},
  year = {2018},
  note = {R package version 5.36},
  url = {https://CRAN.R-project.org/package=quantreg},
}
@Manual{R6,
  title = {R6: Classes with Reference Semantics},
  author = {Winston Chang},
  year = {2017},
  note = {R package version 2.2.2},
  url = {https://CRAN.R-project.org/package=R6},
}
@Manual{Rcmdr,
  title = {{Rcmdr: R Commander}},
  author = {John Fox and Milan Bouchet-Valat},
  year = {2018},
  note = {R package version 2.5-0},
  url = {http://socserv.socsci.mcmaster.ca/jfox/Misc/Rcmdr/},
}

@Book{Rcmdr2,
  title = {Using the {R Commander}: A Point-and-Click Interface for {R}},
  author = {John Fox},
  year = {2017},
  publisher = {Chapman and Hall/CRC Press},
  address = {Boca Raton {FL}},
  url = {http://socserv.mcmaster.ca/jfox/Books/RCommander/},
}

@Article{Rcmdr3,
  title = {The {R} {C}ommander: A Basic Statistics Graphical User Interface to {R}},
  author = {John Fox},
  year = {2005},
  journal = {Journal of Statistical Software},
  volume = {14},
  number = {9},
  pages = {1--42},
  url = {http://www.jstatsoft.org/v14/i09},
}
@Manual{RcmdrMisc,
  title = {RcmdrMisc: R Commander Miscellaneous Functions},
  author = {John Fox},
  year = {2018},
  note = {R package version 2.5-0},
  url = {https://CRAN.R-project.org/package=RcmdrMisc},
}
@Manual{RcmdrPlugin.IPSUR,
  title = {RcmdrPlugin.IPSUR: An IPSUR Plugin for the R Commander},
  author = {G. Jay Kerns},
  year = {2014},
  note = {R package version 0.2-1},
  url = {https://CRAN.R-project.org/package=RcmdrPlugin.IPSUR},
}
@Manual{RColorBrewer,
  title = {RColorBrewer: ColorBrewer Palettes},
  author = {Erich Neuwirth},
  year = {2014},
  note = {R package version 1.1-2},
  url = {https://CRAN.R-project.org/package=RColorBrewer},
}
@Article{Rcpp,
  title = {{Rcpp}: Seamless {R} and {C++} Integration},
  author = {Dirk Eddelbuettel and Romain Fran\c{c}ois},
  journal = {Journal of Statistical Software},
  year = {2011},
  volume = {40},
  number = {8},
  pages = {1--18},
  url = {http://www.jstatsoft.org/v40/i08/},
  doi = {10.18637/jss.v040.i08},
}

@Book{Rcpp2,
  title = {Seamless {R} and {C++} Integration with {Rcpp}},
  author = {Dirk Eddelbuettel},
  publisher = {Springer},
  address = {New York},
  year = {2013},
  note = {ISBN 978-1-4614-6867-7},
  doi = {10.1007/978-1-4614-6868-4},
}

@Article{Rcpp3,
  title = {{Extending 	extit{R} with 	extit{C++}: A Brief Introduction to 	extit{Rcpp}}},
  author = {Dirk Eddelbuettel and James Joseph Balamuta},
  journal = {PeerJ Preprints},
  year = {2017},
  month = {aug},
  volume = {5},
  pages = {e3188v1},
  issn = {2167-9843},
  url = {https://doi.org/10.7287/peerj.preprints.3188v1},
  doi = {10.7287/peerj.preprints.3188v1},
}
@Article{RcppEigen,
  title = {Fast and Elegant Numerical Linear Algebra Using the {RcppEigen} Package},
  author = {Douglas Bates and Dirk Eddelbuettel},
  journal = {Journal of Statistical Software},
  year = {2013},
  volume = {52},
  number = {5},
  pages = {1--24},
  url = {http://www.jstatsoft.org/v52/i05/},
}
@Manual{readr,
  title = {readr: Read Rectangular Text Data},
  author = {Hadley Wickham and Jim Hester and Romain Francois},
  year = {2017},
  note = {R package version 1.1.1},
  url = {https://CRAN.R-project.org/package=readr},
}
@Manual{readstata13,
  title = {readstata13: Import 'Stata' Data Files},
  author = {Jan Marvin Garbuszus and Sebastian Jeworutzki},
  year = {2018},
  note = {R package version 0.9.2},
  url = {https://CRAN.R-project.org/package=readstata13},
}
@Manual{readxl,
  title = {readxl: Read Excel Files},
  author = {Hadley Wickham and Jennifer Bryan},
  year = {2018},
  note = {R package version 1.1.0},
  url = {https://CRAN.R-project.org/package=readxl},
}
@Manual{relimp,
  title = {relimp: Relative Contribution of Effects in a Regression Model},
  author = {David Firth with contributions from Heather Turner and John Fox},
  year = {2016},
  note = {R package version 1.0-5},
  url = {https://CRAN.R-project.org/package=relimp},
}
@Manual{rematch,
  title = {rematch: Match Regular Expressions with a Nicer 'API'},
  author = {Gabor Csardi},
  year = {2016},
  note = {R package version 1.0.1},
  url = {https://CRAN.R-project.org/package=rematch},
}
@Article{reshape,
  author = {Hadley Wickham},
  journal = {Journal of Statistical Software},
  number = {12},
  title = {Reshaping data with the reshape package},
  url = {http://www.jstatsoft.org/v21/i12/paper},
  volume = {21},
  year = {2007},
}
@Article{reshape2,
  title = {Reshaping Data with the {reshape} Package},
  author = {Hadley Wickham},
  journal = {Journal of Statistical Software},
  year = {2007},
  volume = {21},
  number = {12},
  pages = {1--20},
  url = {http://www.jstatsoft.org/v21/i12/},
}
@Manual{rio,
  title = {rio: A Swiss-army knife for data file I/O},
  author = {Chung-hong Chan and Geoffrey CH Chan and Thomas J. Leeper and Jason Becker},
  year = {2018},
  note = {R package version 0.5.10},
}
@Manual{rlang,
  title = {rlang: Functions for Base Types and Core R and 'Tidyverse' Features},
  author = {Lionel Henry and Hadley Wickham},
  year = {2018},
  note = {R package version 0.2.2},
  url = {https://CRAN.R-project.org/package=rlang},
}
@Manual{rmarkdown,
  title = {rmarkdown: Dynamic Documents for R},
  author = {JJ Allaire and Yihui Xie and Jonathan McPherson and Javier Luraschi and Kevin Ushey and Aron Atkins and Hadley Wickham and Joe Cheng and Winston Chang},
  year = {2018},
  note = {R package version 1.10},
  url = {https://CRAN.R-project.org/package=rmarkdown},
}
@Manual{Rmpfr,
  title = {Rmpfr: R MPFR - Multiple Precision Floating-Point Reliable},
  author = {Martin Maechler},
  year = {2018},
  note = {R package version 0.7-1},
  url = {https://CRAN.R-project.org/package=Rmpfr},
}
@Manual{rpart,
  title = {rpart: Recursive Partitioning and Regression Trees},
  author = {Terry Therneau and Beth Atkinson},
  year = {2018},
  note = {R package version 4.1-13},
  url = {https://CRAN.R-project.org/package=rpart},
}
@Manual{rprojroot,
  title = {rprojroot: Finding Files in Project Subdirectories},
  author = {Kirill M칲ller},
  year = {2018},
  note = {R package version 1.3-2},
  url = {https://CRAN.R-project.org/package=rprojroot},
}
@Manual{rstudioapi,
  title = {rstudioapi: Safely Access the RStudio API},
  author = {JJ Allaire and Hadley Wickham and Kevin Ushey and Gary Ritchie},
  year = {2017},
  note = {R package version 0.7},
  url = {https://CRAN.R-project.org/package=rstudioapi},
}
@Article{sandwich,
  title = {Econometric Computing with {HC} and {HAC} Covariance Matrix Estimators},
  author = {Achim Zeileis},
  journal = {Journal of Statistical Software},
  year = {2004},
  volume = {11},
  number = {10},
  pages = {1--17},
  doi = {10.18637/jss.v011.i10},
}

@Article{sandwich2,
  title = {Object-Oriented Computation of Sandwich Estimators},
  author = {Achim Zeileis},
  journal = {Journal of Statistical Software},
  year = {2006},
  volume = {16},
  number = {9},
  pages = {1--16},
  doi = {10.18637/jss.v016.i09},
}

@TechReport{sandwich3,
  title = {Various Versatile Variances: An Object-Oriented Implementation of Clustered Covariances in {R}},
  author = {Susanne Berger and Nathaniel Graham and Achim Zeileis},
  institution = {Working Papers in Economics and Statistics, Research Platform Empirical and Experimental Economics, Universit\"at Innsbruck},
  year = {2017},
  type = {Working Paper},
  number = {2017-12},
  month = {July},
  url = {http://EconPapers.RePEc.org/RePEc:inn:wpaper:2017-12},
}
@Manual{scales,
  title = {scales: Scale Functions for Visualization},
  author = {Hadley Wickham},
  year = {2018},
  note = {R package version 1.0.0},
  url = {https://CRAN.R-project.org/package=scales},
}
@Article{scatterplot3d,
  title = {Scatterplot3d - an R Package for Visualizing Multivariate Data},
  author = {Uwe Ligges and Martin M{\"a}chler},
  journal = {Journal of Statistical Software},
  year = {2003},
  pages = {1--20},
  number = {11},
  volume = {8},
  url = {http://www.jstatsoft.org},
}
@Manual{sfsmisc,
  title = {sfsmisc: Utilities from 'Seminar fuer Statistik' ETH Zurich},
  author = {Martin Maechler},
  year = {2018},
  note = {R package version 1.1-2},
  url = {https://CRAN.R-project.org/package=sfsmisc},
}
@Manual{shape,
  title = {shape: Functions for Plotting Graphical Shapes, Colors},
  author = {Karline Soetaert},
  year = {2018},
  note = {R package version 1.4.4},
  url = {https://CRAN.R-project.org/package=shape},
}
@Manual{shiny,
  title = {shiny: Web Application Framework for R},
  author = {Winston Chang and Joe Cheng and JJ Allaire and Yihui Xie and Jonathan McPherson},
  year = {2018},
  note = {R package version 1.1.0},
  url = {https://CRAN.R-project.org/package=shiny},
}
@Manual{sourcetools,
  title = {sourcetools: Tools for Reading, Tokenizing and Parsing R Code},
  author = {Kevin Ushey},
  year = {2018},
  note = {R package version 0.1.7},
  url = {https://CRAN.R-project.org/package=sourcetools},
}
@Article{sp,
  author = {Edzer J. Pebesma and Roger S. Bivand},
  title = {Classes and methods for spatial data in {R}},
  journal = {R News},
  year = {2005},
  volume = {5},
  number = {2},
  pages = {9--13},
  month = {November},
  url = {https://CRAN.R-project.org/doc/Rnews/},
}

@Book{sp2,
  author = {Roger S. Bivand and Edzer Pebesma and Virgilio Gomez-Rubio},
  title = {Applied spatial data analysis with {R}, Second edition},
  year = {2013},
  publisher = {Springer, NY},
  url = {http://www.asdar-book.org/},
}
@Manual{SparseM,
  title = {SparseM: Sparse Linear Algebra},
  author = {Roger Koenker and Pin Ng},
  year = {2017},
  note = {R package version 1.77},
  url = {https://CRAN.R-project.org/package=SparseM},
}
@Book{spatial,
  title = {Modern Applied Statistics with S},
  author = {W. N. Venables and B. D. Ripley},
  publisher = {Springer},
  edition = {Fourth},
  address = {New York},
  year = {2002},
  note = {ISBN 0-387-95457-0},
  url = {http://www.stats.ox.ac.uk/pub/MASS4},
}
@Manual{splines,
  title = {R: A Language and Environment for Statistical Computing},
  author = {{R Core Team}},
  organization = {R Foundation for Statistical Computing},
  address = {Vienna, Austria},
  year = {2018},
  url = {https://www.R-project.org/},
}
@Manual{stabledist,
  title = {stabledist: Stable Distribution Functions},
  author = {Diethelm Wuertz and Martin Maechler and Rmetrics core team members.},
  year = {2016},
  note = {R package version 0.7-1},
  url = {https://CRAN.R-project.org/package=stabledist},
}
@Manual{startupmsg,
  title = {startupmsg: Utilities for Start-Up Messages},
  author = {Peter Ruckdeschel},
  year = {2018},
  note = {R package version 0.9.5},
  url = {https://CRAN.R-project.org/package=startupmsg},
}
@Manual{stats,
  title = {R: A Language and Environment for Statistical Computing},
  author = {{R Core Team}},
  organization = {R Foundation for Statistical Computing},
  address = {Vienna, Austria},
  year = {2018},
  url = {https://www.R-project.org/},
}
@Manual{stats4,
  title = {R: A Language and Environment for Statistical Computing},
  author = {{R Core Team}},
  organization = {R Foundation for Statistical Computing},
  address = {Vienna, Austria},
  year = {2018},
  url = {https://www.R-project.org/},
}
@Manual{stringi,
  title = {R package stringi: Character string processing facilities},
  author = {Marek Gagolewski},
  year = {2018},
  url = {http://www.gagolewski.com/software/stringi/},
}
@Manual{stringr,
  title = {stringr: Simple, Consistent Wrappers for Common String Operations},
  author = {Hadley Wickham},
  year = {2018},
  note = {R package version 1.3.1},
  url = {https://CRAN.R-project.org/package=stringr},
}
@Misc{survey,
  author = {Thomas Lumley},
  year = {2016},
  title = {survey: analysis of complex survey samples},
  note = {R package version 3.32},
}

@Article{survey2,
  year = {2004},
  author = {Thomas Lumley},
  title = {Analysis of Complex Survey Samples},
  journal = {Journal of Statistical Software},
  volume = {9},
  number = {1},
  pages = {1-19},
  note = {R package verson 2.2},
}
@Manual{survival-package,
  title = {A Package for Survival Analysis in S},
  author = {Terry M Therneau},
  year = {2015},
  note = {version 2.38},
  url = {https://CRAN.R-project.org/package=survival},
}

@Book{survival-book,
  title = {Modeling Survival Data: Extending the {C}ox Model},
  author = {{Terry M. Therneau} and {Patricia M. Grambsch}},
  year = {2000},
  publisher = {Springer},
  address = {New York},
  isbn = {0-387-98784-3},
}
@Manual{tcltk,
  title = {R: A Language and Environment for Statistical Computing},
  author = {{R Core Team}},
  organization = {R Foundation for Statistical Computing},
  address = {Vienna, Austria},
  year = {2018},
  url = {https://www.R-project.org/},
}
@Manual{tcltk2,
  title = {SciViews-R: A GUI API for R},
  author = {Philippe Grosjean},
  organization = {UMONS},
  address = {MONS, Belgium},
  year = {2018},
  url = {http://www.sciviews.org/SciViews-R},
}
@Manual{TeachingDemos,
  title = {TeachingDemos: Demonstrations for Teaching and Learning},
  author = {Greg Snow},
  year = {2016},
  note = {R package version 2.10},
  url = {https://CRAN.R-project.org/package=TeachingDemos},
}
@Manual{TH.data,
  title = {TH.data: TH's Data Archive},
  author = {Torsten Hothorn},
  year = {2018},
  note = {R package version 1.0-9},
  url = {https://CRAN.R-project.org/package=TH.data},
}
@Manual{tibble,
  title = {tibble: Simple Data Frames},
  author = {Kirill M칲ller and Hadley Wickham},
  year = {2018},
  note = {R package version 1.4.2},
  url = {https://CRAN.R-project.org/package=tibble},
}
@Manual{timeDate,
  title = {timeDate: Rmetrics - Chronological and Calendar Objects},
  author = {Diethelm Wuertz and Tobias Setz and Yohan Chalabi and Martin Maechler and Joe W. Byers},
  year = {2018},
  note = {R package version 3043.102},
  url = {https://CRAN.R-project.org/package=timeDate},
}
@Manual{timeSeries,
  title = {timeSeries: Rmetrics - Financial Time Series Objects},
  author = {Diethelm Wuertz and Tobias Setz and Yohan Chalabi},
  year = {2017},
  note = {R package version 3042.102},
  url = {https://CRAN.R-project.org/package=timeSeries},
}
@Manual{tinytex,
  title = {tinytex: Helper Functions to Install and Maintain 'TeX Live', and Compile
'LaTeX' Documents},
  author = {Yihui Xie},
  year = {2018},
  note = {R package version 0.8},
  url = {https://CRAN.R-project.org/package=tinytex},
}
@Manual{tools,
  title = {R: A Language and Environment for Statistical Computing},
  author = {{R Core Team}},
  organization = {R Foundation for Statistical Computing},
  address = {Vienna, Austria},
  year = {2018},
  url = {https://www.R-project.org/},
}
@Manual{utf8,
  title = {utf8: Unicode Text Processing},
  author = {Patrick O. Perry},
  year = {2018},
  note = {R package version 1.1.4},
  url = {https://CRAN.R-project.org/package=utf8},
}
@Manual{utils,
  title = {R: A Language and Environment for Statistical Computing},
  author = {{R Core Team}},
  organization = {R Foundation for Statistical Computing},
  address = {Vienna, Austria},
  year = {2018},
  url = {https://www.R-project.org/},
}
@Manual{vcd,
  title = {vcd: Visualizing Categorical Data},
  author = {David Meyer and Achim Zeileis and Kurt Hornik},
  year = {2017},
  note = {R package version 1.4-4},
}

@Article{vcd2,
  title = {The Strucplot Framework: Visualizing Multi-Way Contingency Tables with vcd},
  author = {David Meyer and Achim Zeileis and Kurt Hornik},
  journal = {Journal of Statistical Software},
  year = {2006},
  volume = {17},
  number = {3},
  pages = {1--48},
  url = {http://www.jstatsoft.org/v17/i03/},
}

@Article{vcd3,
  title = {Residual-based Shadings for Visualizing (Conditional) Independence},
  author = {Achim Zeileis and David Meyer and Kurt Hornik},
  journal = {Journal of Computational and Graphical Statistics},
  year = {2007},
  volume = {16},
  number = {3},
  pages = {507--525},
}
@Manual{viridis,
  title = {viridis: Default Color Maps from 'matplotlib'},
  author = {Simon Garnier},
  year = {2018},
  note = {R package version 0.5.1},
  url = {https://CRAN.R-project.org/package=viridis},
}
@Manual{viridisLite,
  title = {viridisLite: Default Color Maps from 'matplotlib' (Lite Version)},
  author = {Simon Garnier},
  year = {2018},
  note = {R package version 0.3.0},
  url = {https://CRAN.R-project.org/package=viridisLite},
}
@Manual{withr,
  title = {withr: Run Code 'With' Temporarily Modified Global State},
  author = {Jim Hester and Kirill M칲ller and Kevin Ushey and Hadley Wickham and Winston Chang},
  year = {2018},
  note = {R package version 2.1.2},
  url = {https://CRAN.R-project.org/package=withr},
}
@Manual{xfun,
  title = {xfun: Miscellaneous Functions by 'Yihui Xie'},
  author = {Yihui Xie},
  year = {2018},
  note = {R package version 0.3},
  url = {https://CRAN.R-project.org/package=xfun},
}
@Manual{xtable,
  title = {xtable: Export Tables to LaTeX or HTML},
  author = {David B. Dahl and David Scott and Charles Roosen and Arni Magnusson and Jonathan Swinton},
  year = {2018},
  note = {R package version 1.8-3},
  url = {https://CRAN.R-project.org/package=xtable},
}
@Manual{yaml,
  title = {yaml: Methods to Convert R Data to YAML and Back},
  author = {Jeremy Stephens and Kirill Simonov and Yihui Xie and Zhuoer Dong and Hadley Wickham and Jeffrey Horner and {reikoch} and Will Beasley and Brendan O'Connor and Gregory R. Warnes},
  year = {2018},
  note = {R package version 2.2.0},
  url = {https://CRAN.R-project.org/package=yaml},
}
@Manual{zip,
  title = {zip: Cross-Platform 'zip' Compression},
  author = {G치bor Cs치rdi and Kuba Podg칩rski and Rich Geldreich},
  year = {2017},
  note = {R package version 1.0.0},
  url = {https://CRAN.R-project.org/package=zip},
}
@Article{zoo,
  title = {zoo: S3 Infrastructure for Regular and Irregular Time Series},
  author = {Achim Zeileis and Gabor Grothendieck},
  journal = {Journal of Statistical Software},
  year = {2005},
  volume = {14},
  number = {6},
  pages = {1--27},
  doi = {10.18637/jss.v014.i06},
}
